@article{deFlorian:2016spz,
      author         = "de Florian, D. and others",
      title          = "{Handbook of LHC Higgs Cross Sections: 4. Deciphering the
                        Nature of the Higgs Sector}",
      collaboration  = "LHC Higgs Cross Section Working Group",
      doi            = "10.23731/CYRM-2017-002",
      year           = "2016",
      eprint         = "1610.07922",
      archivePrefix  = "arXiv",
      primaryClass   = "hep-ph",
      reportNumber   = "FERMILAB-FN-1025-T, CERN-2017-002-M",
      SLACcitation   = "%%CITATION = ARXIV:1610.07922;%%"
}
@article{Baglio:2012np,
      author         = "Baglio, J. and Djouadi, A. and Gr{\"o}ber, R. and
                        M{\"u}hlleitner, M. M. and Quevillon, J. and Spira, M.",
      title          = "{The measurement of the Higgs self-coupling at the LHC:
                        theoretical status}",
      journal        = "JHEP",
      volume         = "04",
      year           = "2013",
      pages          = "151",
      doi            = "10.1007/JHEP04(2013)151",
      eprint         = "1212.5581",
      archivePrefix  = "arXiv",
      primaryClass   = "hep-ph",
      reportNumber   = "KA-TP-44-2012, SFB-CPP-12-102, LPT-ORSAY-12-124,
                        PSI-PR-12-10",
      SLACcitation   = "%%CITATION = ARXIV:1212.5581;%%"
}
@article{Frederix:2014hta,
      author         = "Frederix, R. and Frixione, S. and Hirschi, V. and
                        Maltoni, F. and Mattelaer, O. and Torrielli, P. and
                        Vryonidou, E. and Zaro, M.",
      title          = "{Higgs pair production at the LHC with NLO and
                        parton-shower effects}",
      journal        = "Phys. Lett.",
      volume         = "B732",
      year           = "2014",
      pages          = "142-149",
      doi            = "10.1016/j.physletb.2014.03.026",
      eprint         = "1401.7340",
      archivePrefix  = "arXiv",
      primaryClass   = "hep-ph",
      reportNumber   = "CERN-PH-TH-2014-014, CP3-14-07, ZU-TH03-14, LPN14-055",
      SLACcitation   = "%%CITATION = ARXIV:1401.7340;%%"
}
@article{Glover:1987nx,
      author         = "Glover, E. W. Nigel and van der Bij, J. J.",
      title          = "{Higgs Boson Pair Production via Gluon Fusion}",
      journal        = "Nucl. Phys.",
      volume         = "B309",
      year           = "1988",
      pages          = "282",
      doi            = "10.1016/0550-3213(88)90083-1",
      reportNumber   = "CERN-TH-4934/87",
      SLACcitation   = "%%CITATION = NUPHA,B309,282;%%"
}
@article{Dawson:1998py,
      author         = "Dawson, S. and Dittmaier, S. and Spira, M.",
      title          = "{Neutral Higgs boson pair production at hadron colliders:
                        QCD corrections}",
      journal        = "Phys. Rev.",
      volume         = "D58",
      year           = "1998",
      pages          = "115012",
      doi            = "10.1103/PhysRevD.58.115012",
      eprint         = "hep-ph/9805244",
      archivePrefix  = "arXiv",
      primaryClass   = "hep-ph",
      reportNumber   = "DESY-98-028, BNL-HET-98-15, CERN-TH-98-135",
      SLACcitation   = "%%CITATION = HEP-PH/9805244;%%"
}
@article{Heinrich:2017kxx,
      author         = "Heinrich, G. and Jones, S. P. and Kerner, M. and Luisoni,
                        G. and Vryonidou, E.",
      title          = "{NLO predictions for Higgs boson pair production with
                        full top quark mass dependence matched to parton showers}",
      journal        = "JHEP",
      volume         = "08",
      year           = "2017",
      pages          = "088",
      doi            = "10.1007/JHEP08(2017)088",
      eprint         = "1703.09252",
      archivePrefix  = "arXiv",
      primaryClass   = "hep-ph",
      reportNumber   = "CERN-TH-2017-069, MPP-2017-41, NIKHEF-2017-020",
      SLACcitation   = "%%CITATION = ARXIV:1703.09252;%%"
}
@article{Borowka:2016ypz,
      author         = "Borowka, S. and Greiner, N. and Heinrich, G. and Jones,
                        S.P. and Kerner, M. and Schlenk, J. and Zirke, T.",
      title          = "{Full top quark mass dependence in Higgs boson pair
                        production at NLO}",
      journal        = "JHEP",
      volume         = "10",
      year           = "2016",
      pages          = "107",
      doi            = "10.1007/JHEP10(2016)107",
      eprint         = "1608.04798",
      archivePrefix  = "arXiv",
      primaryClass   = "hep-ph",
      reportNumber   = "MPP-2016-261, ZU-TH-31-16",
      SLACcitation   = "%%CITATION = ARXIV:1608.04798;%%"
}
@article{Borowka:2016ehy,
      author         = "Borowka, S. and Greiner, N. and Heinrich, G. and Jones,
                        S.P. and Kerner, M. and Schlenk, J. and Schubert, U.
                        and Zirke, T.",
      title          = "{Higgs Boson Pair Production in Gluon Fusion at
                        Next-to-Leading Order with Full Top-Quark Mass
                        Dependence}",
      journal        = "Phys. Rev. Lett.",
      volume         = "117",
      year           = "2016",
      number         = "1",
      pages          = "012001",
      doi            = "10.1103/PhysRevLett.117.079901,
                        10.1103/PhysRevLett.117.012001",
      note           = "[Erratum: Phys. Rev. Lett.117,no.7,079901(2016)]",
      eprint         = "1604.06447",
      archivePrefix  = "arXiv",
      primaryClass   = "hep-ph",
      reportNumber   = "MPP-2016-80, NSF-KITP-16-040, ZH-TH-14-16",
      SLACcitation   = "%%CITATION = ARXIV:1604.06447;%%"
}
@article{Alioli:2010xd,
      author         = "Alioli, Simone and Nason, Paolo and Oleari, Carlo and Re,
                        Emanuele",
      title          = "{A general framework for implementing NLO calculations in
                        shower Monte Carlo programs: the POWHEG BOX}",
      journal        = "JHEP",
      volume         = "06",
      year           = "2010",
      pages          = "043",
      doi            = "10.1007/JHEP06(2010)043",
      eprint         = "1002.2581",
      archivePrefix  = "arXiv",
      primaryClass   = "hep-ph",
      reportNumber   = "DESY-10-018, SFB-CPP-10-22, IPPP-10-11, DCPT-10-22",
      SLACcitation   = "%%CITATION = ARXIV:1002.2581;%%"
}
@article{Butterworth:2015oua,
      author         = "Butterworth, Jon and others",
      title          = "{PDF4LHC recommendations for LHC Run II}",
      year           = "2015",
      eprint         = "1510.03865",
      archivePrefix  = "arXiv",
      primaryClass   = "hep-ph",
      reportNumber   = "OUTP-15-17P, SMU-HEP-15-12, TIF-UNIMI-2015-14,
                        LCTS-2015-27, CERN-PH-TH-2015-249",
      SLACcitation   = "%%CITATION = ARXIV:1510.03865;%%"
}
@article{NNPDF,
      author         = "Ball, Richard D. and others",
      title          = "{Parton distributions for the LHC Run II}",
      collaboration  = "NNPDF",
      journal        = "JHEP",
      volume         = "04",
      year           = "2015",
      pages          = "040",
      doi            = "10.1007/JHEP04(2015)040",
      eprint         = "1410.8849",
      archivePrefix  = "arXiv",
      primaryClass   = "hep-ph",
      reportNumber   = "EDINBURGH-2014-15, IFUM-1034-FT, CERN-PH-TH-2013-253,
      OUTP-14-11P, CAVENDISH-HEP-14-11",
      SLACcitation   = "%%CITATION = ARXIV:1410.8849;%%"
}

@article{MMHT14,
      author         = "Harland-Lang, L. A. and Martin, A. D. and Motylinski, P.
      and Thorne, R. S.",
      title          = "{Parton distributions in the LHC era: MMHT 2014 PDFs}",
      journal        = "Eur. Phys. J.",
      volume         = "C75",
      year           = "2015",
      number         = "5",
      pages          = "204",
      doi            = "10.1140/epjc/s10052-015-3397-6",
      eprint         = "1412.3989",
      archivePrefix  = "arXiv",
      primaryClass   = "hep-ph",
      reportNumber   = "LCTS-2014-47, IPPP-14-97, DCPT-14-194",
      SLACcitation   = "%%CITATION = ARXIV:1412.3989;%%"
}

@article{CT14,
      author         = "Dulat, Sayipjamal and Hou, Tie-Jiun and Gao, Jun and
      Guzzi, Marco and Huston, Joey and Nadolsky, Pavel and
      Pumplin, Jon and Schmidt, Carl and Stump, Daniel and Yuan,
      C. P.",
      title          = "{New parton distribution functions from a global analysis
      of quantum chromodynamics}",
      journal        = "Phys. Rev.",
      volume         = "D93",
      year           = "2016",
      number         = "3",
      pages          = "033006",
      doi            = "10.1103/PhysRevD.93.033006",
      eprint         = "1506.07443",
      archivePrefix  = "arXiv",
      primaryClass   = "hep-ph",
      SLACcitation   = "%%CITATION = ARXIV:1506.07443;%%"
}
@article{Buchalla:2018yce,
      author         = "Buchalla, G. and Capozi, M. and Celis, A. and Heinrich,
                        G. and Scyboz, L.",
      title          = "{Higgs boson pair production in non-linear Effective
                        Field Theory with full $m_t$-dependence at NLO QCD}",
      year           = "2018",
      eprint         = "1806.05162",
      archivePrefix  = "arXiv",
      primaryClass   = "hep-ph",
      reportNumber   = "LMU-ASC 34/18, MPP-2018-127, LMU-ASC-34-18, MPP-2018-127",
      SLACcitation   = "%%CITATION = ARXIV:1806.05162;%%"
}
@article{Cacciari:2005hq,
      author         = "Cacciari, Matteo and Salam, Gavin P.",
      title          = "{Dispelling the $N^{3}$ myth for the $k_t$ jet-finder}",
      journal        = "Phys.Lett.",
      volume         = "B641",
      pages          = "57-61",
      doi            = "10.1016/j.physletb.2006.08.037",
      year           = "2006",
      eprint         = "hep-ph/0512210",
      archivePrefix  = "arXiv",
      primaryClass   = "hep-ph",
      reportNumber   = "LPTHE-05-32",
      SLACcitation   = "%%CITATION = HEP-PH/0512210;%%",
}
@article{Cacciari:2011ma,
      author         = "Cacciari, Matteo and Salam, Gavin P. and Soyez, Gregory",
      title          = "{FastJet User Manual}",
      journal        = "Eur.Phys.J.",
      volume         = "C72",
      pages          = "1896",
      doi            = "10.1140/epjc/s10052-012-1896-2",
      year           = "2012",
      eprint         = "1111.6097",
      archivePrefix  = "arXiv",
      primaryClass   = "hep-ph",
      reportNumber   = "CERN-PH-TH-2011-297",
      SLACcitation   = "%%CITATION = ARXIV:1111.6097;%%",
}
@article{Cacciari:2008gp,
     author    = "Cacciari, Matteo and Salam, Gavin P. and Soyez, Gregory",
     title     = "{The anti-$k_T$ jet clustering algorithm}",
     journal   = "JHEP",
     volume    = "04",
     year      = "2008",
     pages     = "063",
     eprint    = "0802.1189",
     archivePrefix = "arXiv",
     primaryClass  =  "hep-ph",
     doi       = "10.1088/1126-6708/2008/04/063",
     SLACcitation  = "%%CITATION = 0802.1189;%%"
}
@article{Cullen:2011ac,
      author         = "Cullen, Gavin and Greiner, Nicolas and Heinrich, Gudrun
                        and Luisoni, Gionata and Mastrolia, Pierpaolo and others",
      title          = "{Automated One-Loop Calculations with GoSam}",
      journal        = "Eur.Phys.J.",
      volume         = "C72",
      pages          = "1889",
      doi            = "10.1140/epjc/s10052-012-1889-1",
      year           = "2012",
      eprint         = "1111.2034",
      archivePrefix  = "arXiv",
      primaryClass   = "hep-ph",
      reportNumber   = "CERN-PH-TH-2011-272, MPP-2011-132, DESY-11-203,
                        IPPP-11-72, DCPT-11-144, EDINBURGH-2011-32",
      SLACcitation   = "%%CITATION = ARXIV:1111.2034;%%",
}

@article{Nogueira:1991ex,
      author         = "Nogueira, Paulo",
      title          = "{Automatic Feynman graph generation}",
      journal        = "J.Comput.Phys.",
      volume         = "105",
      pages          = "279-289",
      doi            = "10.1006/jcph.1993.1074",
      year           = "1993",
      reportNumber   = "IFM-7-91",
      SLACcitation   = "%%CITATION = JCTPA,105,279;%%",
}

@article{Kuipers:2012rf,
      author         = "Kuipers, J. and Ueda, T. and Vermaseren, J.A.M. and
                        Vollinga, J.",
      title          = "{FORM version 4.0}",
      journal        = "Comput.Phys.Commun.",
      volume         = "184",
      pages          = "1453-1467",
      doi            = "10.1016/j.cpc.2012.12.028",
      year           = "2013",
      eprint         = "1203.6543",
      archivePrefix  = "arXiv",
      primaryClass   = "cs.SC",
      reportNumber   = "NIKHEF-2012-004, TTP12-008, SFB-CPP-12-15",
      SLACcitation   = "%%CITATION = ARXIV:1203.6543;%%",
}

@article{Cullen:2010jv,
      author         = "Cullen, Gavin and Koch-Janusz, Maciej and Reiter, Thomas",
      title          = "{Spinney: A Form Library for Helicity Spinors}",
      journal        = "Comput.Phys.Commun.",
      volume         = "182",
      pages          = "2368-2387",
      doi            = "10.1016/j.cpc.2011.06.007",
      year           = "2011",
      eprint         = "1008.0803",
      archivePrefix  = "arXiv",
      primaryClass   = "hep-ph",
      reportNumber   = "NIKHEF-2010-019, EDINBURGH-2010-021",
      SLACcitation   = "%%CITATION = ARXIV:1008.0803;%%",
}

@article{Reiter:2009ts,
      author         = "Reiter, Thomas",
      title          = "{Optimising Code Generation with haggies}",
      journal        = "Comput.Phys.Commun.",
      volume         = "181",
      pages          = "1301-1331",
      doi            = "10.1016/j.cpc.2010.01.012",
      year           = "2010",
      eprint         = "0907.3714",
      archivePrefix  = "arXiv",
      primaryClass   = "hep-ph",
      reportNumber   = "NIKHEF-2009-012",
      SLACcitation   = "%%CITATION = ARXIV:0907.3714;%%",
}

@article{Mastrolia:2010nb,
      author         = "Mastrolia, P. and Ossola, G. and Reiter, T. and
                        Tramontano, F.",
      title          = "{Scattering AMplitudes from Unitarity-based Reduction
                        Algorithm at the Integrand-level}",
      journal        = "JHEP",
      volume         = "1008",
      pages          = "080",
      doi            = "10.1007/JHEP08(2010)080",
      year           = "2010",
      eprint         = "1006.0710",
      archivePrefix  = "arXiv",
      primaryClass   = "hep-ph",
      reportNumber   = "CERN-PH-TH-2010-124, NIKHEF-2010-015",
      SLACcitation   = "%%CITATION = ARXIV:1006.0710;%%",
}


@Article{Ossola:2006us,
     author    = "Ossola, Giovanni and Papadopoulos, Costas G. and Pittau,
                  Roberto",
     title     = "Reducing full one-loop amplitudes to scalar integrals at
                  the integrand  level",
     journal   = "Nucl. Phys.",
     volume    = "B763",
     year      = "2007",
     pages     = "147-169",
     eprint    = "hep-ph/0609007",
     SLACcitation  = "%%CITATION = HEP-PH/0609007;%%"
}

@article{Cullen:2011kv,
      author         = "Cullen, G. and Guillet, J. Ph. and Heinrich, G. and
                        Kleinschmidt, T. and Pilon, E. and others",
      title          = "{Golem95C: A library for one-loop integrals with complex
                        masses}",
      journal        = "Comput.Phys.Commun.",
      volume         = "182",
      pages          = "2276-2284",
      doi            = "10.1016/j.cpc.2011.05.015",
      year           = "2011",
      eprint         = "1101.5595",
      archivePrefix  = "arXiv",
      primaryClass   = "hep-ph",
      reportNumber   = "EDINBURGH-2011-02, IPPP-11-04, DCPT-11-08, MPP-2011-5,
                        NIKHEF-2011-002",
      SLACcitation   = "%%CITATION = ARXIV:1101.5595;%%",
}

@article{vanOldenborgh:1990yc,
      author         = "van Oldenborgh, G.J.",
      title          = "{FF: A Package to evaluate one loop Feynman diagrams}",
      journal        = "Comput.Phys.Commun.",
      volume         = "66",
      pages          = "1-15",
      doi            = "10.1016/0010-4655(91)90002-3",
      year           = "1991",
      reportNumber   = "NIKHEF-H-90-15",
      SLACcitation   = "%%CITATION = CPHCB,66,1;%%",
}

@article{Ellis:2007qk,
      author         = "Ellis, R. Keith and Zanderighi, Giulia",
      title          = "{Scalar one-loop integrals for QCD}",
      journal        = "JHEP",
      volume         = "0802",
      pages          = "002",
      doi            = "10.1088/1126-6708/2008/02/002",
      year           = "2008",
      eprint         = "0712.1851",
      archivePrefix  = "arXiv",
      primaryClass   = "hep-ph",
      reportNumber   = "FERMILAB-PUB-07-633-T, OUTP-07-16P,
                        FERMILAB-PUB-07-633-T",
      SLACcitation   = "%%CITATION = ARXIV:0712.1851;%%",
}

@article{vanHameren:2010cp,
      author         = "van Hameren, A.",
      title          = "{OneLOop: For the evaluation of one-loop scalar
                        functions}",
      journal        = "Comput.Phys.Commun.",
      volume         = "182",
      pages          = "2427-2438",
      doi            = "10.1016/j.cpc.2011.06.011",
      year           = "2011",
      eprint         = "1007.4716",
      archivePrefix  = "arXiv",
      primaryClass   = "hep-ph",
      reportNumber   = "IFJPAN-IV-2010-7",
      SLACcitation   = "%%CITATION = ARXIV:1007.4716;%%",
}

@article{Binoth:2010xt,
      author         = "Binoth, T. and Boudjema, F. and Dissertori, G. and
                        Lazopoulos, A. and Denner, A. and others",
      title          = "{A Proposal for a standard interface between Monte Carlo
                        tools and one-loop programs}",
      journal        = "Comput.Phys.Commun.",
      volume         = "181",
      pages          = "1612-1622",
      doi            = "10.1016/j.cpc.2010.05.016",
      year           = "2010",
      eprint         = "1001.1307",
      archivePrefix  = "arXiv",
      primaryClass   = "hep-ph",
      reportNumber   = "SLAC-PUB-14723, FERMILAB-PUB-10-029-T",
      SLACcitation   = "%%CITATION = ARXIV:1001.1307;%%",
}

@article{Alioli:2013nda,
      author         = "Alioli, S. and Badger, S. and Bellm, J. and Biedermann,
                        B. and Boudjema, F. and others",
      title          = "{Update of the Binoth Les Houches Accord for a standard
                        interface between Monte Carlo tools and one-loop
                        programs}",
      journal        = "Comput.Phys.Commun.",
      volume         = "185",
      pages          = "560-571",
      doi            = "10.1016/j.cpc.2013.10.020",
      year           = "2014",
      eprint         = "1308.3462",
      archivePrefix  = "arXiv",
      primaryClass   = "hep-ph",
      reportNumber   = "MPP-2013-237",
      SLACcitation   = "%%CITATION = ARXIV:1308.3462;%%",
}

@article{Luisoni:2013cuh,
      author         = "Luisoni, Gionata and Nason, Paolo and Oleari, Carlo and
                        Tramontano, Francesco",
      title          = "{$HW^{\pm}$/HZ + 0 and 1 jet at NLO with the POWHEG BOX
                        interfaced to GoSam and their merging within MiNLO}",
      journal        = "JHEP",
      volume         = "1310",
      pages          = "083",
      doi            = "10.1007/JHEP10(2013)083",
      year           = "2013",
      eprint         = "1306.2542",
      archivePrefix  = "arXiv",
      primaryClass   = "hep-ph",
      SLACcitation   = "%%CITATION = ARXIV:1306.2542;%%",
}

@article{Binoth:2008uq,
      author         = "Binoth, T. and Guillet, J. -Ph. and Heinrich, G. and
                        Pilon, E. and Reiter, T.",
      title          = "{Golem95: A Numerical program to calculate one-loop
                        tensor integrals with up to six external legs}",
      journal        = "Comput. Phys. Commun.",
      volume         = "180",
      year           = "2009",
      pages          = "2317-2330",
      doi            = "10.1016/j.cpc.2009.06.024",
      eprint         = "0810.0992",
      archivePrefix  = "arXiv",
      primaryClass   = "hep-ph",
      reportNumber   = "EDINBURGH-2008-40, LAPTH-1277-08, IPPP-08-73,
                        DCPT-08-146, NIKHEF-2008-26, --NIKHEF-2008-26",
      SLACcitation   = "%%CITATION = ARXIV:0810.0992;%%"
}
@article{Guillet:2013msa,
      author         = "Guillet, J. Ph. and Heinrich, G. and von
                        Soden-Fraunhofen, J. F.",
      title          = "{Tools for NLO automation: extension of the golem95C
                        integral library}",
      journal        = "Comput. Phys. Commun.",
      volume         = "185",
      year           = "2014",
      pages          = "1828-1834",
      doi            = "10.1016/j.cpc.2014.03.009",
      eprint         = "1312.3887",
      archivePrefix  = "arXiv",
      primaryClass   = "hep-ph",
      reportNumber   = "LAPTH-072-13, MPP-2013-314",
      SLACcitation   = "%%CITATION = ARXIV:1312.3887;%%"
}
@article{vanDeurzen:2013pja,
      author         = "van Deurzen, Hans",
      title          = "{Associated Higgs Production at NLO with GoSam}",
      booktitle      = "{Proceedings, 37th International Conference of
                        Theoretical Physics on Matter to the Deepest: Recent
                        Developments in Physics of Fundamental Interactions:
                        Ustron, Poland, September 1-6, 2013}",
      journal        = "Acta Phys. Polon.",
      volume         = "B44",
      year           = "2013",
      number         = "11",
      pages          = "2223-2230",
      doi            = "10.5506/APhysPolB.44.2223",
      SLACcitation   = "%%CITATION = APPOA,B44,2223;%%"
}
@article{Peraro:2014cba,
      author         = "Peraro, Tiziano",
      title          = "{Ninja: Automated Integrand Reduction via Laurent
                        Expansion for One-Loop Amplitudes}",
      journal        = "Comput.Phys.Commun.",
      volume         = "185",
      pages          = "2771-2797",
      doi            = "10.1016/j.cpc.2014.06.017",
      year           = "2014",
      eprint         = "1403.1229",
      archivePrefix  = "arXiv",
      primaryClass   = "hep-ph",
      reportNumber   = "MPP-2014-50",
      SLACcitation   = "%%CITATION = ARXIV:1403.1229;%%",
}
@article{Cullen:2014yla,
      author         = "Cullen, Gavin and van Deurzen, Hans and Greiner, Nicolas
                        and Heinrich, Gudrun and Luisoni, Gionata and others",
      title          = "{GoSam-2.0: a tool for
                        automated one-loop calculations within the Standard Model
                        and beyond}",
      journal        = "Eur.Phys.J.",
      number         = "8",
      volume         = "C74",
      pages          = "3001",
      doi            = "10.1140/epjc/s10052-014-3001-5",
      year           = "2014",
      eprint         = "1404.7096",
      archivePrefix  = "arXiv",
      primaryClass   = "hep-ph",
      reportNumber   = "DESY-14-061, MPP-2014-145",
      SLACcitation   = "%%CITATION = ARXIV:1404.7096;%%",
}
@article{vonManteuffel:2012np,
      author         = "von Manteuffel, A. and Studerus, C.",
      title          = "{Reduze 2 - Distributed Feynman Integral Reduction}",
      year           = "2012",
      eprint         = "1201.4330",
      archivePrefix  = "arXiv",
      primaryClass   = "hep-ph",
      reportNumber   = "ZU-TH-01-12, MZ-TH-12-03, BI-TP-2012-02",
      SLACcitation   = "%%CITATION = ARXIV:1201.4330;%%"
}
@article{Jones:2016bci,
      author         = "Jones, S. P.",
      title          = "{Automation of 2-loop Amplitude Calculations}",
      booktitle      = "{Proceedings, 13th DESY Workshop on Elementary Particle
                        Physics: Loops and Legs in Quantum Field Theory (LL2016):
                        Leipzig, Germany, April 24-29, 2016}",
      journal        = "PoS",
      volume         = "LL2016",
      year           = "2016",
      pages          = "069",
      eprint         = "1608.03846",
      archivePrefix  = "arXiv",
      primaryClass   = "hep-ph",
      reportNumber   = "MPP-2016-259",
      SLACcitation   = "%%CITATION = ARXIV:1608.03846;%%"
}
@article{Kerner:2016msj,
      author         = "Kerner, Matthias",
      title          = "{Next-to-Leading Order Corrections to Higgs Boson Pair
                        Production in Gluon Fusion}",
      booktitle      = "{Proceedings, 13th DESY Workshop on Elementary Particle
                        Physics: Loops and Legs in Quantum Field Theory (LL2016):
                        Leipzig, Germany, April 24-29, 2016}",
      journal        = "PoS",
      volume         = "LL2016",
      year           = "2016",
      pages          = "023",
      eprint         = "1608.03851",
      archivePrefix  = "arXiv",
      primaryClass   = "hep-ph",
      reportNumber   = "MPP-2016-258",
      SLACcitation   = "%%CITATION = ARXIV:1608.03851;%%"
}
@article{Borowka:2015mxa,
      author         = "Borowka, S. and Heinrich, G. and Jones, S. P. and Kerner,
                        M. and Schlenk, J. and Zirke, T.",
      title          = "{SecDec-3.0: numerical evaluation of multi-scale
                        integrals beyond one loop}",
      journal        = "Comput. Phys. Commun.",
      volume         = "196",
      year           = "2015",
      pages          = "470-491",
      doi            = "10.1016/j.cpc.2015.05.022",
      eprint         = "1502.06595",
      archivePrefix  = "arXiv",
      primaryClass   = "hep-ph",
      reportNumber   = "FR-PHENO-2015-001, MPP-2015-27, ZU-TH-1-15",
      SLACcitation   = "%%CITATION = ARXIV:1502.06595;%%"
}
@article{Nason:2004rx,
      author         = "Nason, Paolo",
      title          = "{A New method for combining NLO QCD with shower Monte
                        Carlo algorithms}",
      journal        = "JHEP",
      volume         = "11",
      year           = "2004",
      pages          = "040",
      doi            = "10.1088/1126-6708/2004/11/040",
      eprint         = "hep-ph/0409146",
      archivePrefix  = "arXiv",
      primaryClass   = "hep-ph",
      reportNumber   = "BICOCCA-FT-04-11",
      SLACcitation   = "%%CITATION = HEP-PH/0409146;%%"
}
@article{Frixione:2007vw,
      author         = "Frixione, Stefano and Nason, Paolo and Oleari, Carlo",
      title          = "{Matching NLO QCD computations with Parton Shower
                        simulations: the POWHEG method}",
      journal        = "JHEP",
      volume         = "11",
      year           = "2007",
      pages          = "070",
      doi            = "10.1088/1126-6708/2007/11/070",
      eprint         = "0709.2092",
      archivePrefix  = "arXiv",
      primaryClass   = "hep-ph",
      reportNumber   = "BICOCCA-FT-07-9, GEF-TH-21-2007",
      SLACcitation   = "%%CITATION = ARXIV:0709.2092;%%"
}

@article{Buckley:2014ana,
      author         = "Buckley, Andy and Ferrando, James and Lloyd, Stephen and
                        Nordstr{\"o}m, Karl and Page, Ben and R{\"u}fenacht, Martin and
                        Sch{\"o}nherr, Marek and Watt, Graeme",
      title          = "{LHAPDF6: parton density access in the LHC precision
                        era}",
      journal        = "Eur. Phys. J.",
      volume         = "C75",
      year           = "2015",
      pages          = "132",
      doi            = "10.1140/epjc/s10052-015-3318-8",
      eprint         = "1412.7420",
      archivePrefix  = "arXiv",
      primaryClass   = "hep-ph",
      reportNumber   = "GLAS-PPE-2014-05, MCNET-14-29, IPPP-14-111, DCPT-14-222",
      SLACcitation   = "%%CITATION = ARXIV:1412.7420;%%"
}
@article{Schlaffer:2014osa,
      author         = "Schlaffer, Matthias and Spannowsky, Michael and Takeuchi,
                        Michihisa and Weiler, Andreas and Wymant, Chris",
      title          = "{Boosted Higgs Shapes}",
      journal        = "Eur. Phys. J.",
      volume         = "C74",
      year           = "2014",
      number         = "10",
      pages          = "3120",
      doi            = "10.1140/epjc/s10052-014-3120-z",
      eprint         = "1405.4295",
      archivePrefix  = "arXiv",
      primaryClass   = "hep-ph",
      reportNumber   = "IPPP-14-35, DCPT-14-70, CERN-PH-TH-2014-083, DESY-14-069,
                        KCL-PH-TH-2014-22",
      SLACcitation   = "%%CITATION = ARXIV:1405.4295;%%"
}
@article{Khachatryan:2016vau,
      author         = "Aad, Georges and others",
      title          = "{Measurements of the Higgs boson production and decay
                        rates and constraints on its couplings from a combined
                        ATLAS and CMS analysis of the LHC pp collision data at $
                        \sqrt{s}=7 $ and 8 TeV}",
      collaboration  = "ATLAS, CMS",
      journal        = "JHEP",
      volume         = "08",
      year           = "2016",
      pages          = "045",
      doi            = "10.1007/JHEP08(2016)045",
      eprint         = "1606.02266",
      archivePrefix  = "arXiv",
      primaryClass   = "hep-ex",
      reportNumber   = "CERN-EP-2016-100, ATLAS-HIGG-2015-07, CMS-HIG-15-002",
      SLACcitation   = "%%CITATION = ARXIV:1606.02266;%%"
}
@article{Sirunyan:2018iwt,
      author         = "Sirunyan, Albert M and others",
      title          = "{Search for Higgs boson pair production in the
                        $\gamma\gamma\mathrm{b\overline{b}}$ final state in pp
                        collisions at $\sqrt{s}=$ 13 TeV}",
      collaboration  = "CMS",
      year           = "2018",
      eprint         = "1806.00408",
      archivePrefix  = "arXiv",
      primaryClass   = "hep-ex",
      reportNumber   = "CMS-HIG-17-008, CERN-EP-2017-343, CMS-HIG-17-008,
                        CERN-EP-2017-343",
      SLACcitation   = "%%CITATION = ARXIV:1806.00408;%%"
}
@article{Aaboud:2018knk,
      author         = "Aaboud, Morad and others",
      title          = "{Search for pair production of Higgs bosons in the
                        $b\bar{b}b\bar{b}$ final state using proton-proton
                        collisions at $\sqrt{s} = 13$ TeV with the ATLAS
                        detector}",
      collaboration  = "ATLAS",
      year           = "2018",
      eprint         = "1804.06174",
      archivePrefix  = "arXiv",
      primaryClass   = "hep-ex",
      reportNumber   = "CERN-EP-2018-029, CERN-EP-2018-029",
      SLACcitation   = "%%CITATION = ARXIV:1804.06174;%%"
}
@article{Aaboud:2018ftw,
      author         = "Aaboud, Morad and others",
      title          = "{Search for Higgs boson pair production in the
                        $\gamma\gamma b\bar{b}$ final state with 13 TeV $pp$
                        collision data collected by the ATLAS experiment}",
      collaboration  = "ATLAS",
      year           = "2018",
      eprint         = "1807.04873",
      archivePrefix  = "arXiv",
      primaryClass   = "hep-ex",
      reportNumber   = "CERN-EP-2018-130",
      SLACcitation   = "%%CITATION = ARXIV:1807.04873;%%"
}
@article{Katz:2014bha,
      author         = "Katz, Andrey and Perelstein, Maxim",
      title          = "{Higgs Couplings and Electroweak Phase Transition}",
      journal        = "JHEP",
      volume         = "07",
      year           = "2014",
      pages          = "108",
      doi            = "10.1007/JHEP07(2014)108",
      eprint         = "1401.1827",
      archivePrefix  = "arXiv",
      primaryClass   = "hep-ph",
      SLACcitation   = "%%CITATION = ARXIV:1401.1827;%%"
}
@article{Grazzini:2018bsd,
      author         = "Grazzini, Massimiliano and Heinrich, Gudrun and Jones,
                        Stephen and Kallweit, Stefan and Kerner, Matthias and
                        Lindert, Jonas M. and Mazzitelli, Javier",
      title          = "{Higgs boson pair production at NNLO with top quark mass
                        effects}",
      journal        = "JHEP",
      volume         = "05",
      year           = "2018",
      pages          = "059",
      doi            = "10.1007/JHEP05(2018)059",
      eprint         = "1803.02463",
      archivePrefix  = "arXiv",
      primaryClass   = "hep-ph",
      reportNumber   = "CERN-TH-2018-044, IPPP/18/15, MPP-2018-30, ZU-TH 10/18,
                        IPPP-18-15, ZU-TH-10-18",
      SLACcitation   = "%%CITATION = ARXIV:1803.02463;%%"
}
@article{deFlorian:2018tah,
      author         = "De Florian, Daniel and Mazzitelli, Javier",
      title          = "{Soft gluon resummation for Higgs boson pair production
                        including finite $M_t$ effects}",
      year           = "2018",
      eprint         = "1807.03704",
      archivePrefix  = "arXiv",
      primaryClass   = "hep-ph",
      reportNumber   = "ZU-TH 26/18, ICAS 35/18, ZU-TH-26-18, ICAS-35-18",
      SLACcitation   = "%%CITATION = ARXIV:1807.03704;%%"
}
@article{deFlorian:2017qfk,
      author         = "de Florian, Daniel and Fabre, Ignacio and Mazzitelli,
                        Javier",
      title          = "{Higgs boson pair production at NNLO in QCD including
                        dimension 6 operators}",
      journal        = "JHEP",
      volume         = "10",
      year           = "2017",
      pages          = "215",
      doi            = "10.1007/JHEP10(2017)215",
      eprint         = "1704.05700",
      archivePrefix  = "arXiv",
      primaryClass   = "hep-ph",
      reportNumber   = "ICAS-28-17, ZU-TH-08-17",
      SLACcitation   = "%%CITATION = ARXIV:1704.05700;%%"
}
@article{Buchalla:2018yce,
      author         = "Buchalla, G. and Capozi, M. and Celis, A. and Heinrich,
                        G. and Scyboz, L.",
      title          = "{Higgs boson pair production in non-linear Effective
                        Field Theory with full $m_t$-dependence at NLO QCD}",
      year           = "2018",
      eprint         = "1806.05162",
      archivePrefix  = "arXiv",
      primaryClass   = "hep-ph",
      reportNumber   = "LMU-ASC 34/18, MPP-2018-127, LMU-ASC-34-18",
      SLACcitation   = "%%CITATION = ARXIV:1806.05162;%%"
}
@article{deFlorian:2016uhr,
      author         = "de Florian, Daniel and Grazzini, Massimiliano and Hanga,
                        Catalin and Kallweit, Stefan and Lindert, Jonas M. and
                        Maierh{\"o}fer, Philipp and Mazzitelli, Javier and Rathlev,
                        Dirk",
      title          = "{Differential Higgs Boson Pair Production at
                        Next-to-Next-to-Leading Order in QCD}",
      journal        = "JHEP",
      volume         = "09",
      year           = "2016",
      pages          = "151",
      doi            = "10.1007/JHEP09(2016)151",
      eprint         = "1606.09519",
      archivePrefix  = "arXiv",
      primaryClass   = "hep-ph",
      reportNumber   = "DESY-16-107, FR-PHENO-2016-007, ICAS-08-16, MITP-16-061,
                        ZU-TH-20-16",
      SLACcitation   = "%%CITATION = ARXIV:1606.09519;%%"
}
@article{Grigo:2015dia,
      author         = "Grigo, Jonathan and Hoff, Jens and Steinhauser, Matthias",
      title          = "{Higgs boson pair production: top quark mass effects at
                        NLO and NNLO}",
      journal        = "Nucl. Phys.",
      volume         = "B900",
      year           = "2015",
      pages          = "412-430",
      doi            = "10.1016/j.nuclphysb.2015.09.012",
      eprint         = "1508.00909",
      archivePrefix  = "arXiv",
      primaryClass   = "hep-ph",
      reportNumber   = "DESY-15-135, TTP15-026",
      SLACcitation   = "%%CITATION = ARXIV:1508.00909;%%"
}
@article{deFlorian:2013jea,
      author         = "de Florian, Daniel and Mazzitelli, Javier",
      title          = "{Higgs Boson Pair Production at Next-to-Next-to-Leading
                        Order in QCD}",
      journal        = "Phys. Rev. Lett.",
      volume         = "111",
      year           = "2013",
      pages          = "201801",
      doi            = "10.1103/PhysRevLett.111.201801",
      eprint         = "1309.6594",
      archivePrefix  = "arXiv",
      primaryClass   = "hep-ph",
      SLACcitation   = "%%CITATION = ARXIV:1309.6594;%%"
}
@article{Aad:2015zhl,
      author         = "Aad, Georges and others",
      title          = "{Combined Measurement of the Higgs Boson Mass in $pp$
                        Collisions at $\sqrt{s}=7$ and 8 TeV with the ATLAS and
                        CMS Experiments}",
      collaboration  = "ATLAS, CMS",
      journal        = "Phys. Rev. Lett.",
      volume         = "114",
      year           = "2015",
      pages          = "191803",
      doi            = "10.1103/PhysRevLett.114.191803",
      eprint         = "1503.07589",
      archivePrefix  = "arXiv",
      primaryClass   = "hep-ex",
      reportNumber   = "ATLAS-HIGG-2014-14, CMS-HIG-14-042, CERN-PH-EP-2015-075",
      SLACcitation   = "%%CITATION = ARXIV:1503.07589;%%"
}
@article{Khachatryan:2016vau,
      author         = "Aad, Georges and others",
      title          = "{Measurements of the Higgs boson production and decay
                        rates and constraints on its couplings from a combined
                        ATLAS and CMS analysis of the LHC pp collision data at $
                        \sqrt{s}=7 $ and 8 TeV}",
      collaboration  = "ATLAS, CMS",
      journal        = "JHEP",
      volume         = "08",
      year           = "2016",
      pages          = "045",
      doi            = "10.1007/JHEP08(2016)045",
      eprint         = "1606.02266",
      archivePrefix  = "arXiv",
      primaryClass   = "hep-ex",
      reportNumber   = "CERN-EP-2016-100, ATLAS-HIGG-2015-07, CMS-HIG-15-002",
      SLACcitation   = "%%CITATION = ARXIV:1606.02266;%%"
}
@article{ATLAS:2018doi,
      author         = "The ATLAS collaboration",
      title          = "{Combined measurements of Higgs boson production and
                        decay using up to 80 fb$^{-1}$ of proton--proton collision
                        data at $\sqrt{s}=$ 13 TeV collected with the ATLAS
                        experiment}",
      collaboration  = "ATLAS",
      year           = "2018",
      reportNumber   = "ATLAS-CONF-2018-031",
      SLACcitation   = "%%CITATION = ATLAS-CONF-2018-031;%%"
}
@techreport{CMS-PAS-HIG-17-031,
      title         = "{Combined measurements of the Higgs boson's couplings at
                       $\sqrt{s}=13$ TeV}",
      institution   = "CERN",
      collaboration = "CMS Collaboration",
      address       = "Geneva",
      number        = "CMS-PAS-HIG-17-031",
      year          = "2018",
      reportNumber  = "CMS-PAS-HIG-17-031",
      url           = "https://cds.cern.ch/record/2308127",
}
@techreport{CMS-PAS-HIG-17-030,
      title         = "{Combination of searches for Higgs boson pair production
                       in proton-proton collisions at $\sqrt{s} =
                       13~\mathrm{TeV}$}",
      institution   = "CERN",
      collaboration = "CMS Collaboration",
      address       = "Geneva",
      number        = "CMS-PAS-HIG-17-030",
      year          = "2018",
      reportNumber  = "CMS-PAS-HIG-17-030",
      url           = "https://cds.cern.ch/record/2628486",
}
@techreport{ATLAS-CONF-2018-043,
      title         = "{Combination of searches for Higgs boson pairs in $pp$
                       collisions at 13 TeV with the ATLAS experiment.}",
      institution   = "CERN",
      collaboration = "ATLAS Collaboration",
      address       = "Geneva",
      number        = "ATLAS-CONF-2018-043",
      month         = "Sep",
      year          = "2018",
      reportNumber  = "ATLAS-CONF-2018-043",
      url           = "https://cds.cern.ch/record/2638212",
}
@article{Grober:2015cwa,
      author         = "Gr{\"o}ber, Ramona and M{\"u}hlleitner, Margarete and Spira,
                        Michael and Streicher, Juraj",
      title          = "{NLO QCD Corrections to Higgs Pair Production including
                        Dimension-6 Operators}",
      journal        = "JHEP",
      volume         = "09",
      year           = "2015",
      pages          = "092",
      doi            = "10.1007/JHEP09(2015)092",
      eprint         = "1504.06577",
      archivePrefix  = "arXiv",
      primaryClass   = "hep-ph",
      reportNumber   = "KA-TP-08-2015, PSI-PR-15-03, RM3-TH-15-5",
      SLACcitation   = "%%CITATION = ARXIV:1504.06577;%%"
}
@article{Grober:2017gut,
      author         = "Gr{\"o}ber, R. and M{\"u}hlleitner, M. and Spira, M.",
      title          = "{Higgs Pair Production at NLO QCD for CP-violating Higgs
                        Sectors}",
      journal        = "Nucl. Phys.",
      volume         = "B925",
      year           = "2017",
      pages          = "1-27",
      doi            = "10.1016/j.nuclphysb.2017.10.002",
      eprint         = "1705.05314",
      archivePrefix  = "arXiv",
      primaryClass   = "hep-ph",
      SLACcitation   = "%%CITATION = ARXIV:1705.05314;%%"
}
@article{Dawson:2017vgm,
      author         = "Dawson, Sally and Murphy, Christopher W.",
      title          = "{Standard Model EFT and Extended Scalar Sectors}",
      journal        = "Phys. Rev.",
      volume         = "D96",
      year           = "2017",
      number         = "1",
      pages          = "015041",
      doi            = "10.1103/PhysRevD.96.015041",
      eprint         = "1704.07851",
      archivePrefix  = "arXiv",
      primaryClass   = "hep-ph",
      SLACcitation   = "%%CITATION = ARXIV:1704.07851;%%"
}
@article{Kim:2018uty,
      author         = "Kim, Jeong Han and Sakaki, Yasuhito and Son, Minho",
      title          = "{Combined analysis of double Higgs production via gluon
                        fusion at the HL-LHC in the effective field theory
                        approach}",
      journal        = "Phys. Rev.",
      volume         = "D98",
      year           = "2018",
      number         = "1",
      pages          = "015016",
      doi            = "10.1103/PhysRevD.98.015016",
      eprint         = "1801.06093",
      archivePrefix  = "arXiv",
      primaryClass   = "hep-ph",
      SLACcitation   = "%%CITATION = ARXIV:1801.06093;%%"
}
@article{Adhikary:2017jtu,
      author         = "Adhikary, Amit and Banerjee, Shankha and Barman, Rahool
                        Kumar and Bhattacherjee, Biplob and Niyogi, Saurabh",
      title          = "{Revisiting the non-resonant Higgs pair production at the
                        HL-LHC}",
      journal        = "JHEP",
      volume         = "07",
      year           = "2018",
      pages          = "116",
      doi            = "10.1007/JHEP07(2018)116",
      eprint         = "1712.05346",
      archivePrefix  = "arXiv",
      primaryClass   = "hep-ph",
      reportNumber   = "LAPTH-062-17, IPPP-17-100, LAPTH-062/17, IPPP/17/100",
      SLACcitation   = "%%CITATION = ARXIV:1712.05346;%%"
}
@article{Banerjee:2018lfq,
      author         = "Banerjee, Pulak and Borowka, Sophia and Dhani, Prasanna
                        K. and Gehrmann, Thomas and Ravindran, V.",
      title          = "{Two-loop massless QCD corrections to the $g+g
                        \rightarrow H+H$ four-point amplitude}",
      year           = "2018",
      eprint         = "1809.05388",
      archivePrefix  = "arXiv",
      primaryClass   = "hep-ph",
      reportNumber   = "CERN-TH-2018-196, IMSc/2018/09/06, ZU-TH 32/18",
      SLACcitation   = "%%CITATION = ARXIV:1809.05388;%%"
}
@article{Gerlach:2018hen,
      author         = "Gerlach, Marvin and Herren, Florian and Steinhauser,
                        Matthias",
      title          = "{Wilson coefficients for Higgs boson production and
                        decoupling relations to
                        $\mathcal{O}\left(\alpha_s^4\right)$}",
      year           = "2018",
      eprint         = "1809.06787",
      archivePrefix  = "arXiv",
      primaryClass   = "hep-ph",
      reportNumber   = "TTP18-033",
      SLACcitation   = "%%CITATION = ARXIV:1809.06787;%%"
}
@article{deFlorian:2018tah,
      author         = "De Florian, Daniel and Mazzitelli, Javier",
      title          = "{Soft gluon resummation for Higgs boson pair production
                        including finite M$_{t}$ effects}",
      journal        = "JHEP",
      volume         = "08",
      year           = "2018",
      pages          = "156",
      doi            = "10.1007/JHEP08(2018)156",
      eprint         = "1807.03704",
      archivePrefix  = "arXiv",
      primaryClass   = "hep-ph",
      reportNumber   = "ZU-TH 26/18, ICAS 35/18, ZU-TH-26-18, ICAS-35-18",
      SLACcitation   = "%%CITATION = ARXIV:1807.03704;%%"
}
@article{Baglio:2018lrj,
      author         = "Baglio, Julien and Campanario, Francisco and Glaus,
                        Seraina and M{\"u}hlleitner, Margarete and Spira, Michael and
                        Streicher, Juraj",
      title          = "{Gluon fusion into Higgs pairs at NLO QCD and the top
                        mass scheme}",
      year           = "2018",
      eprint         = "1811.05692",
      archivePrefix  = "arXiv",
      primaryClass   = "hep-ph",
      reportNumber   = "FTUV-18-1113, IFIC/18-55, KA-TP-32-2018, PSI-PR-18-14",
      SLACcitation   = "%%CITATION = ARXIV:1811.05692;%%"
}
@article{Davies:2018qvx,
      author         = "Davies, Joshua and Mishima, Go and Steinhauser, Matthias
                        and Wellmann, David",
      title          = "{Double Higgs boson production at NLO in the high-energy
                        limit: complete analytic results}",
      year           = "2018",
      eprint         = "1811.05489",
      archivePrefix  = "arXiv",
      primaryClass   = "hep-ph",
      reportNumber   = "TTP18-039",
      SLACcitation   = "%%CITATION = ARXIV:1811.05489;%%"
}
@article{Sjostrand:2014zea,
      author         = "Sjostrand, Torbjorn and Ask, Stefan and Christiansen,
                        Jesper R. and Corke, Richard and Desai, Nishita and Ilten,
                        Philip and Mrenna, Stephen and Prestel, Stefan and
                        Rasmussen, Christine O. and Skands, Peter Z.",
      title          = "{An Introduction to PYTHIA 8.2}",
      journal        = "Comput. Phys. Commun.",
      volume         = "191",
      year           = "2015",
      pages          = "159-177",
      doi            = "10.1016/j.cpc.2015.01.024",
      eprint         = "1410.3012",
      archivePrefix  = "arXiv",
      primaryClass   = "hep-ph",
      reportNumber   = "LU-TP-14-36, MCNET-14-22, CERN-PH-TH-2014-190,
                        FERMILAB-PUB-14-316-CD, DESY-14-178, SLAC-PUB-16122",
      SLACcitation   = "%%CITATION = ARXIV:1410.3012;%%"
}
@article{Bellm:2017bvx,
      author         = "Bellm, Johannes and others",
      title          = "{Herwig 7.1 Release Note}",
      year           = "2017",
      eprint         = "1705.06919",
      archivePrefix  = "arXiv",
      primaryClass   = "hep-ph",
      reportNumber   = "CERN-PH-TH-2017-109, CERN-TH-2017-109, MAN-HEP-2017-08,
                        UWTHPH-2017-10, IFJPAN-IV-2017-7, NIKHEF-2017-026,
                        HERWIG-2017-02, KA-TP-19-2017, MCNET-17-08, IPPP-17-40",
      SLACcitation   = "%%CITATION = ARXIV:1705.06919;%%"
}
@article{Sirunyan:2018two,
      author         = "Sirunyan, Albert M and others",
      title          = "{Combination of searches for Higgs boson pair production
                        in proton-proton collisions at $\sqrt{s} = $ 13 TeV}",
      collaboration  = "CMS",
      journal        = "Submitted to: Phys. Rev. Lett.",
      year           = "2018",
      eprint         = "1811.09689",
      archivePrefix  = "arXiv",
      primaryClass   = "hep-ex",
      reportNumber   = "CMS-HIG-17-030, CERN-EP-2018-292",
      SLACcitation   = "%%CITATION = ARXIV:1811.09689;%%"
}
@article{Cepeda:2019klc,
      author         = "Cepeda, M. and others",
      title          = "{Higgs Physics at the HL-LHC and HE-LHC}",
      year           = "2019",
      eprint         = "1902.00134",
      archivePrefix  = "arXiv",
      primaryClass   = "hep-ph",
      reportNumber   = "CERN-LPCC-2018-04",
      SLACcitation   = "%%CITATION = ARXIV:1902.00134;%%"
}
@techreport{ATLAS-CONF-2018-043,
      title         = "{Combination of searches for Higgs boson pairs in $pp$
                       collisions at 13 TeV with the ATLAS experiment.}",
      institution   = "CERN",
      collaboration = "ATLAS Collaboration",
      address       = "Geneva",
      number        = "ATLAS-CONF-2018-043",
      month         = "Sep",
      year          = "2018",
      reportNumber  = "ATLAS-CONF-2018-043",
      url           = "https://cds.cern.ch/record/2638212",
}
